<record><leader>00000cas a22000007a 4500</leader><controlfield tag="001">10238459</controlfield><controlfield tag="008">831220d18591864riuwr ne      0    0eng d</controlfield><datafield ind1=" " ind2=" " tag="010"><subfield code="a">sn 83021537 </subfield></datafield><datafield ind1=" " ind2=" " tag="040"><subfield code="a">NPX</subfield><subfield code="b">eng</subfield><subfield code="c">NPX</subfield><subfield code="d">RHN</subfield><subfield code="d">OCL</subfield><subfield code="d">AQM</subfield><subfield code="d">OCLCQ</subfield><subfield code="d">OCLCF</subfield><subfield code="d">OCLCO</subfield></datafield><datafield ind1=" " ind2=" " tag="019"><subfield code="a">210933819</subfield></datafield><datafield ind1="1" ind2=" " tag="029"><subfield code="a">AU@</subfield><subfield code="b">000020226246</subfield></datafield><datafield ind1=" " ind2=" " tag="042"><subfield code="a">msc</subfield></datafield><datafield ind1=" " ind2=" " tag="043"><subfield code="a">n-us-ri</subfield></datafield><datafield ind1="0" ind2=" " tag="130"><subfield code="a">Narragansett times (Wakefield, R.I. : 1859)</subfield></datafield><datafield ind1="1" ind2="0" tag="245"><subfield code="a">Narragansett times.</subfield></datafield><datafield ind1=" " ind2=" " tag="260"><subfield code="a">Wakefield, R.I. :</subfield><subfield code="b">Thos. P. Wells,</subfield><subfield code="c">1859-</subfield></datafield><datafield ind1=" " ind2=" " tag="300"><subfield code="a">v.</subfield></datafield><datafield ind1=" " ind2=" " tag="310"><subfield code="a">Weekly</subfield></datafield><datafield ind1="0" ind2=" " tag="362"><subfield code="a">Vol. 2, whole no. 53 (June 11, 1859) ; v. 2, no. 2 (June 18, 1859)-</subfield></datafield><datafield ind1="1" ind2=" " tag="362"><subfield code="a">Ceased July 29, 1864.</subfield></datafield><datafield ind1=" " ind2=" " tag="515"><subfield code="a">Vol. 2, no. 2 (June 18, 1859)-v. 6, no. 15 (Oct. 2, 1863) called also whole no. 54-whole no. 275.</subfield></datafield><datafield ind1=" " ind2="0" tag="651"><subfield code="a">South Kingstown (R.I. : Town)</subfield><subfield code="v">Newspapers.</subfield></datafield><datafield ind1=" " ind2="7" tag="655"><subfield code="a">Newspapers.</subfield><subfield code="2">rbgenr</subfield></datafield><datafield ind1=" " ind2="7" tag="655"><subfield code="a">Newspapers.</subfield><subfield code="2">fast</subfield><subfield code="0">(OCoLC)fst01423814</subfield></datafield><datafield ind1=" " ind2="7" tag="651"><subfield code="a">Rhode Island</subfield><subfield code="z">South Kingstown (Town)</subfield><subfield code="2">fast</subfield><subfield code="0">(OCoLC)fst01331703</subfield></datafield><datafield ind1=" " ind2=" " tag="752"><subfield code="a">United States</subfield><subfield code="b">Rhode Island</subfield><subfield code="c">Washington</subfield><subfield code="d">Wakefield.</subfield></datafield><datafield ind1="0" ind2="0" tag="780"><subfield code="t">South County journal (Wakefield, R.I.)</subfield><subfield code="w">(DLC)sn 83021536</subfield></datafield><datafield ind1="0" ind2="0" tag="785"><subfield code="t">Narragansett times and Washington County advertiser</subfield><subfield code="w">(DLC)sn 83021538</subfield></datafield></record>